@MastersThesis{rapport_florence,
author = {Florence Jornod},
title = {Développement d'une méthode de classification pour les séquences répétées centromériques de primates},
school = {Université Paris Diderot - Paris 7},
year = {2016-2017},
}
@Article{muscle,
author = {Robert C.  Edgar},
title = {Muscle : multiple sequence alignment with high accuracy and high through-put},
journal = {Nucleic acids research},
year = {2004},
volume = {32},
number = {5},
pages = {1792–1797},
}
@Article{phyml,
author = {Stéphane Guindon, Olivier Gascuel},
title = {Estimating Maximum Likelihood Phylogenies with PhyML},
journal = {Bioinformatics for DNA Sequence Analysis},
year = {2009},
volume = {537},
pages = {113-137},
}
Part of the  book series (MIMB, )
@Article{seaview,
author = {Manolo Gouy, Stéphane Guindon, Olivier Gascuel},
title = {Seaview version 4 : a multiplatform graphical user interface for sequence alignment and phylogenetic tree building},
journal = {Molecular biology and evolution},
year = {2009},
volume = {27},
number = {2},
pages = {221–224},
}
@Article{NJ,
author = {Naruya Saitou, Masatoshi Nei},
title = {The neighbor-joining method : a new method for reconstructing phylogenetic trees},
journal = {Molecular biology and evolution},
year = {1987},
volume = {4},
number = {4},
pages = {406–425},
}
@Article{emboss,
author = {Peter Rice, Ian Longden, Alan Bleasby},
title = {Emboss : the european molecular biology open software suite},
year = {2000},
}